------------------------------------------------------------------------
 
@ARTICLE{Article,
        AUTHOR =        {},
        TITLE =         {},
        JOURNAL =       {},
        Volume =        {},
        Number =        {},
        Pages =         {},
        Month =         {},
        YEAR =          {},
        Note =          {},
        summary =       {}
        }
@BOOK{Book,
        AUTHOR =        {},
        editor =        {},
        TITLE =         {},
        PUBLISHER =     {},
        YEAR =          {},
        Volume =        {},
        number =        {},
        Series =        {},
        Address =       {},
        Edition =       {},
        Month =         {},
        Note =          {},
        summary =       {}
        }
@BOOKLET{Booklet,
        TITLE =         {},
        Author =        {},
        Howpublished =  {},
        Address =       {},
        Month =         {},
        Year =          {},
        Note =          {},
        summary =       {}
        }
@INBOOK{Inbook,
        AUTHOR =        {},
        editor =        {},
        TITLE =         {},
        CHAPTER =       {},
        pages =         {},
        PUBLISHER =     {},
        YEAR =          {},
        Volume =        {},
        number =        {},
        Series =        {},
        Type =          {},
        Address =       {},
        Edition =       {},
        Month =         {},
        Note =          {},
        summary =       {}
        }
@INCOLLECTION{Incollection,
        AUTHOR =        {},
        TITLE =         {},
        BOOKTITLE =     {},
        PUBLISHER =     {},
        YEAR =          {},
        Editor =        {},
        Volume =        {},
        number =        {},
        Series =        {},
        Type =          {},
        Chapter =       {},
        Pages =         {},
        Address =       {},
        Edition =       {},
        Month =         {},
        Note =          {},
        summary =       {}
        }
@INPROCEEDINGS{Inproceedings,
        AUTHOR =        {},
        TITLE =         {},
        BOOKTITLE =     {},
        YEAR =          {},
        Editor =        {},
        Volume =        {},
        number =        {},
        Series =        {},
        Pages =         {},
        Address =       {},
        Month =         {},
        Organization =  {},
        Publisher =     {},
        Note =          {},
        summary =       {}
        }
@MANUAL{Manual,
        TITLE =         {},
        Author =        {},
        Organization =  {},
        Address =       {},
        Edition =       {},
        Month =         {},
        Year =          {},
        Note =          {},
        summary =       {}
        }
@MASTERSTHESIS{Mastersthesis,
        AUTHOR =        {},
        TITLE =         {},
        SCHOOL =        {},
        YEAR =          {},
        Type =          {},
        Address =       {},
        Month =         {},
        Note =          {},
        summary =       {}
        }
@MISC{Misc,
        Author =        {},
        Title =         {},
        Howpublished =  {},
        Month =         {},
        Year =          {},
        Note =          {},
        summary =       {}
        }
@PHDTHESIS{Phdthesis,
        AUTHOR =        {},
        TITLE =         {},
        SCHOOL =        {},
        YEAR =          {},
        Type =          {},
        Address =       {},
        Month =         {},
        Note =          {},
        summary =       {}
        }
@PROCEEDINGS{Proceedings,
        TITLE =         {},
        YEAR =          {},
        Editor =        {},
        Volume =        {},
        number =        {},
        Series =        {},
        Address =       {},
        Month =         {},
        Organization =  {},
        Publisher =     {},
        Note =          {},
        summary =       {}
        }
@TECHREPORT{Techreport,
        AUTHOR =        {},
        TITLE =         {},
        INSTITUTION =   {},
        YEAR =          {},
        Type =          {},
        Number =        {},
        Address =       {},
        Month =         {},
        Note =          {},
        summary =       {}
        }
@UNPUBLISHED{Unpublished,
        AUTHOR =        {},
        TITLE =         {},
        NOTE =          {},
        Month =         {},
        Year =          {},
        summary =       {}
        }

------------------------------------------------------------------------

        


@MISC{cache,
        Author =        {J. Park, M. Penner, V.K. Prasanna},
        Title =         {Optimizing graph algorithms for improved cache performance},
        Howpublished =  {Proceedings of the International Parallel and Distributed Processing Symposium},
        Month =         {April},
        Year =          {2002}
    }
    
@MISC{pointerJump,
        Author =        {S.  Chung,  A.  Condon},
        Title =         {Parallel  implementation  of  Bor\r{u}vkaâ€™s  minimum spanning tree algorithm},
        Howpublished =  {Proceedings of the 10th International Parallel Processing Symposium},
        Month =         {April},
        Year =          {1996}
    }    


@ARTICLE{sollin,
        AUTHOR =        {D. A. Bader, G. Cong},
        TITLE =         {Fast shared-memory algorithms for computing the minimum spanning forest of sparse graphs},
        JOURNAL =       {Journal of Parallel and Distributed Computing},
        Volume =        {66},
        Number =        {11},
        Pages =         {1366--1378},
        Month =         {November},
        YEAR =          {2006}
        }
        
@INPROCEEDINGS{kruskal,
        AUTHOR =        {V. Osipov,	P. Sanders, J. Singler},
        TITLE =         {The Filter-Kruskal minimum spanning tree algorithm},
        BOOKTITLE =     {Proceedings of the Meeting on Algorithm Engineering \& Experiments},
        YEAR =          {2009},
        Pages =         {52--61},
        Address =       {New York},
        Month =         {January}
        }        
        
@INPROCEEDINGS{benchmarking,
        AUTHOR =        {T. Hoefler, R. Belli},
        TITLE =         {Scientific Benchmarking of Parallel Computing Systems},
        BOOKTITLE =     {Proceedings of the International Conference for High Performance Computing, Networking, Storage and Analysis},
        YEAR =          {2015},
        Pages =         {73:1--73:12},
        Address =       {Austin},
        Month =         {November}
        }    

@ARTICLE{measuring,
        AUTHOR =        {T. Hoefler, T. Schneider and A. Lumsdaine},
        TITLE =         {Accurately Measuring Overhead, Communication Time and Progression of Blocking and Nonblocking Collective Operations at Massive Scale},
        JOURNAL =       {International Journal of Parallel, Emergent and Distributed Systems},
        Volume =        {25},
        Number =        {4},
        Pages =         {241--258},
        Month =         {July},
        YEAR =          {2010}
        }

@MISC{code,
        Author =        {Th. Cambier, R. Dang-Nhu, Th. Dardinier, C. Trassoudaine},
        Title =         {DPHPC project repository},
        Howpublished =  {https://github.com/intv0id/PMST/}
    }
