@inproceedings{Osipov:2009:FMS:2791220.2791225,
 author = {Osipov, Vitaly and Sanders, Peter and Singler, Johannes},
 title = {The Filter-Kruskal Minimum Spanning Tree Algorithm},
 booktitle = {Proceedings of the Meeting on Algorithm Engineering \& Expermiments},
 year = {2009},
 location = {New York, New York},
 pages = {52--61},
 numpages = {10},
 url = {http://dl.acm.org/citation.cfm?id=2791220.2791225},
 acmid = {2791225},
 publisher = {Society for Industrial and Applied Mathematics},
 address = {Philadelphia, PA, USA},
}

@article{bader2006fast,
	  title={Fast shared-memory algorithms for computing the minimum spanning forest of sparse graphs},
	    author={Bader, David A and Cong, Guojing},
	      journal={Journal of Parallel and Distributed Computing},
	        volume={66},
		  number={11},
		    pages={1366--1378},
		      year={2006},
		        publisher={Elsevier}
}

@inproceedings{chung1996parallel,
	  title={Parallel Implementation of$\backslash$Boruvka},
	    author={Chung, Sun and Condon, Anne},
	      booktitle={ipps},
	        pages={302},
		  year={1996},
		    organization={IEEE}
}


